@Misc{doublesusp,
  author={Ulrik Buchholtz},
  title={Suspension functor preserves negation},
  year=2020,
  url={https://github.com/UlrikBuchholtz/cubical/blob/degree/Cubical/HITs/Susp/DoubleSusp.agda}
}

@Misc{joinloopadj,
  author={Ulrik Buchholtz},
  title={The adjunction {${-} * B \dashv (B \to_* \Omega{-})$}},
  year=2021,
  url={https://github.com/UlrikBuchholtz/cubical/blob/Whitehead/Cubical/Experiments/JoinLoopAdjunction.agda}
}

@Article{         hansen,
  author        = {Hansen, Vagn Lundsgaard},
  title         = {The homotopy groups of a space of maps between oriented
                  closed surfaces},
  journal       = {Bull. London Math. Soc.},
  fjournal      = {The Bulletin of the London Mathematical Society},
  volume        = {15},
  year          = {1983},
  number        = {4},
  pages         = {360--364},
  doi           = {10.1112/blms/15.4.360}
}

@InProceedings{hansen-review,
  author= {Hansen, Vagn Lundsgaard},
  editor= {Piccinini, Renzo A.},
  title= {The space of self maps on the 2-sphere},
  booktitle= {Groups of self-equivalences and related topics ({M}ontreal,
              {PQ}, 1988)},
  year= {1990},
  publisher= {Springer, Berlin},
  pages= {40--47},
  doi={10.1007/BFb0083829}
}

@Misc{hott-agda,
  shorthand={HoTT-Agda},
  author={Guillaume Brunerie
    and Kuen-Bang {Hou (Favonia)}
    and Evan Cavallo
    and Tim Baumann
    and Eric Finster
    and Jesper Cockx
    and Christian Sattler
    and Chris Jeris
    and Michael Shulman
    and others},
  title={Homotopy Type Theory in {A}gda},
  url={https://github.com/HoTT/HoTT-Agda}
}

@Book{HoTT,
  author =    {The {Univalent Foundations Program}},
  title =     {Homotopy Type Theory: Univalent Foundations of Mathematics},
  publisher = {\url{https://homotopytypetheory.org/book}},
  address =   {Institute for Advanced Study},
  year =      2013}

@article{capKra_semisegal,
  author =        {Paolo Capriotti and Nicolai Kraus},
  journal =       {Proceedings of the ACM on Programming Languages},
  volume =        {2},
  number =        {POPL'18},
  title =         {Univalent Higher Categories via Complete Semi-Segal Types},
  year =          {2017},
  month =         {dec},
  issue_date =    {January 2018},
  issn =          {2475-1421},
  pages =         {44:1--44:29},
  articleno =     {44},
  numpages =      {29},
  url =           {http://doi.acm.org/10.1145/3158132},
  doi =           {10.1145/3158132},
  acmid =         {3158132},
  publisher =     {ACM},
  note =          {Full version available at \url{https://arxiv.org/abs/1707.03693}},
}

@article{ann-cap-kra:two-level,
  author =        {Danil Annenkov and Paolo Capriotti and Nicolai Kraus and Christian Sattler},
  journal =       {ArXiv e-prints},
  title =         {Two-Level Type Theory and Applications},
  year =          {2019},
  url =           {http://arxiv.org/abs/1705.03307},
}

@PhdThesis{brunerie:thesis,
  author = 	 {Brunerie, Guillaume},
  title = 	 {On the homotopy groups of spheres in homotopy type theory},
  school = 	 {Universit√© de Nice Sophia Antipolis},
  year = 	 2016,
  month = 	 jun,
  eprint = {1606.05916},
  eprinttype = {arxiv}
}

@PhDThesis{       vandoorn:thesis,
  title         = {On the Formalization of Higher Inductive Types and
                  Synthetic Homotopy Theory},
  school        = {Carnegie Mellon University},
  author        = {van Doorn, Floris},
  year          = {2018},
  eprint        = {1808.10690},
  eprinttype    = {arxiv}
}

@Article{Buchholtz2018CellularCI,
  title		= {Cellular Cohomology in Homotopy Type Theory},
  author	= {Ulrik Buchholtz and Kuen-Bang {Hou (Favonia)}},
  doi		= {10.23638/LMCS-16(2:7)2020},
  journal	= {{Logical Methods in Computer Science}},
  volume	= {{Volume 16, Issue 2}},
  year		= {2020},
  note    = {Journal version of LICS'18 proceedings paper}
}

@InProceedings{licataBrunerie_s1again,
  Title                    = {{$\pi_n(S^n)$} in Homotopy Type Theory},
  Author                   = {Daniel Licata and Guillaume Brunerie},
  Year                     = {2013},
  Pages                    = {1-16},
  Publisher                = {Springer, Cham},
  Series                   = {LNCS},
  Volume                   = {8307},
  Booktitle                = {Certified Programs and Proofs (CPP)},
  doi                      = {10.1007/978-3-319-03545-1_1}
}

@Article{Brunerie2017,
    Title                    = {The {J}ames construction and {\(\pi\)}\({}_{\mbox{4}}\)(S\({}^{\mbox{3}}\))
    in homotopy type theory},
    Author                   = {Guillaume Brunerie},
    Journal                  = {CoRR},
    Year                     = {2017},
    Url                      = {http://arxiv.org/abs/1710.10307}
}


@article{brunerie2019james,
    title={The {J}ames construction and {\(\pi\)}\({}_{\mbox{4}}\)(S\({}^{\mbox{3}}\))
    in homotopy type theory},
    author={Brunerie, Guillaume},
    journal={Journal of Automated Reasoning},
    volume={63},
    number={2},
    pages={255--284},
    year={2019},
    publisher={Springer},
    note = {Available online as \url{http://arxiv.org/abs/1710.10307}},
}

@Article{gwwhitehead,
  author  = {Whitehead, George W.},
  title   = {On products in homotopy groups},
  journal = {Ann. of Math (2)},
  fjournal = {Annals of Mathematics. Second Series},
  volume  = {47},
  year    = {1946},
  pages   = {460--475},
  doi   = {10.2307/1969085}
}

@Article{         gwwhitehead1953,
  author        = {Whitehead, George W.},
  title         = {On the {F}reudenthal theorems},
  journal       = {Ann. of Math. (2)},
  fjournal      = {Annals of Mathematics. Second Series},
  volume        = {57},
  year          = {1953},
  pages         = {209--228},
  doi           = {10.2307/1969855}
}

@Article{         lang1973,
  author        = {Lang, Jr., George E.},
  title         = {The evaluation map and {EHP} sequences},
  journal       = {Pacific J. Math.},
  fjournal      = {Pacific Journal of Mathematics},
  volume        = {44},
  year          = {1973},
  pages         = {201--210},
  url           = {http://projecteuclid.org/euclid.pjm/1102948664}
}

@Article{         arkowitz1962,
  author        = {Arkowitz, Martin},
  title         = {The generalized {W}hitehead product},
  journal       = {Pacific J. Math.},
  fjournal      = {Pacific Journal of Mathematics},
  volume        = {12},
  year          = {1962},
  pages         = {7--23},
  url           = {http://projecteuclid.org/euclid.pjm/1103036701}
}

@InCollection{    smith2010,
  author        = {Smith, Samuel Bruce},
  title         = {The homotopy theory of function spaces: a survey},
  booktitle     = {Homotopy theory of function spaces and related topics},
  series        = {Contemp. Math.},
  volume        = {519},
  pages         = {3--39},
  publisher     = {Amer. Math. Soc., Providence, RI},
  year          = {2010},
  doi           = {10.1090/conm/519/10228},
}

@InProceedings{    BuchholtzRijke2017,
  author        = {Buchholtz, Ulrik and Rijke, Egbert},
  title         = {The real projective spaces in homotopy type theory},
  booktitle     = {32nd Annual ACM/IEEE Symposium on Logic in Computer
                  Science (LICS 2017)},
  year          = {2017},
  pages         = {1--8},
  publisher     = {IEEE},
  address       = {New York, NY, USA},
  doi           = {10.1109/LICS.2017.8005146}
}